@inproceedings{Marchant*Ramos*Sanner*2014,
    title={Sequential Bayesian Optimisation for Spatial-Temporal Monitoring},
    url={http://www.auai.org/uai2014/proceedings/individuals/72.pdf},
    Booktitle = {Proceedings of the International Conference on Uncertainty in Artificial Intelligence},
    year={2014},
    author={Marchant, Roman and Ramos, Fabio and Sanner, Scott}
}

@inproceedings{osborne_gaussian_2009,
  title = {Gaussian processes for global optimization},
  booktitle = {3rd international conference on learning and intelligent optimization ({LION}3)},
  author = {Osborne, Michael A. and Garnett, Roman and Roberts, Stephen J.},
  year = {2009},
  pages = {1--15}
}
