../../../SheffieldML/publications/bib/lawrence.bib