../../../SheffieldML/publications/bib/other.bib