../../../SheffieldML/publications/bib/zbooks.bib